

@article{IacKinPor12,
  author =        {Stefano M. Iacus and Gary King and Giuseppe Porro},
  journal =       {Political Analysis},
  note =
  {{http://gking.harvard.edu/files/abs/cem-plus-abs.shtml}},
  title =         {Causal Inference Without Balance Checking: Coarsened
                   Exact Matching},
  year =          {2012},
}

@article{IacKinPor11,
  author =        {Stefano M. Iacus and Gary King and Giuseppe Porro},
  journal =       {Journal of the American Statistical Association},
  note =
  {{http://gking.harvard.edu/files/abs/cem-math-abs.shtml}},
  pages =         {345--361},
  title =         {Multivariate Matching Methods that are Monotonic
                   Imbalance Bounding},
  volume =        {106},
  year =          {2011},
}

@article{KinZen06,
  author =        {Gary King and Langche Zeng},
  journal =       {Political Analysis},
  note =
  {{http://gking.harvard.edu/files/abs/counterft-abs.shtml}},
  number =        {2},
  pages =         {131--159},
  title =         {The Dangers of Extreme Counterfactuals},
  volume =        {14},
  year =          {2006},
}

@article{HoImaKin07,
  author =        {Daniel Ho and Kosuke Imai and Gary King and
                   Elizabeth Stuart},
  journal =       {Political Analysis},
  note =              {{http://gking.harvard.edu/files/abs/matchp-abs.shtml}},
  pages =         {199--236},
  title =         {Matching as Nonparametric Preprocessing for Reducing
                   Model Dependence in Parametric Causal Inference},
  volume =        {15},
  year =          {2007},
}

@article{HoImaKin07a,
  author =        {Daniel E. Ho and Kosuke Imai and Gary King and
                   Elizabeth A. Stuart},
  journal =       {Journal of Statistical Software},
  note =          {{http://gking.harvard.edu/matchit}},
  title =         {MatchIt: Nonparametric Preprocessing for Parametric
                   Causal Inference},
  year =          {Forthcoming},
}

@article{Lalonde86,
  author =        {Robert Lalonde},
  journal =       {American Economic Review},
  pages =         {604-620},
  title =         {Evaluating the Econometric Evaluations of Training
                   Programs},
  volume =        {76},
  year =          {1986},
}

@article{KinHonJos01,
  author =        {Gary King and James Honaker and Anne Joseph and
                   Kenneth Scheve},
  journal =       {American Political Science Review},
  month =         {March},
  note =          {{http://gking.harvard.edu/files/abs/evil-abs.shtml}},
  number =        {1},
  pages =         {49--69},
  title =         {Analyzing Incomplete Political Science Data: An
                   Alternative Algorithm for Multiple Imputation},
  volume =        {95},
  year =          {2001},
}

@article{HonKinBLa10,
  author =        {James Honaker and Gary King and Matthew Blackwell},
  note =          {{http://gking.harvard.edu/amelia}},
  title =         {Amelia II: A Program for Missing Data},
  year =          {2010},
}

